
@article{wahlberg2009,
	title = {Nymphalid butterflies diversify following near demise at the {Cretaceous/Tertiary} boundary},
	volume = {276},
	issn = {0962-8452, 1471-2954},
	url = {http://rspb.royalsocietypublishing.org/cgi/doi/10.1098/rspb.2009.1303},
	doi = {10.1098/rspb.2009.1303},
	number = {1677},
	urldate = {2013-03-29},
	journal = {Proceedings of the Royal Society B: Biological Sciences},
	author = {Wahlberg, N. and Leneveu, J. and Kodandaramaiah, U. and Pena, C. and Nylin, S. and Freitas, A. V. L. and Brower, A. V. Z.},
	month = sep,
	year = {2009},
	keywords = {diversification, lepidoptera, mass extinction, Nymphalidae, times of divergence},
	pages = {4295--4302}
}
